@article{walkowicz2009impact,
	Author = {Walkowicz, L.M. and Becker, A.C. and Anderson, S.F. and Bloom, J.S. and Georgiev, L. and Grindlay, J. and Long, K. and Mukadam, A. and Prsa, A. and Pepper, J. and others},
	Journal = {Arxiv preprint arXiv:0902.3981},
	Title = {The Impact of the Astro2010 Recommendations on Variable Star Science},
	Year = {2009}}


@article{rosset2007piecewise,
  title={Piecewise linear regularized solution paths},
  author={Rosset, S. and Zhu, J.},
  journal={The Annals of Statistics},
  volume={35},
  number={3},
  pages={1012--1030},
  year={2007},
  publisher={Institute of Mathematical Statistics}
}


@article{hastie2004entire,
  title={The entire regularization path for the support vector machine},
  author={Hastie, T. and Rosset, S. and Tibshirani, R. and Zhu, J.},
  journal={The Journal of Machine Learning Research},
  volume={5},
  pages={1391--1415},
  year={2004},
  publisher={JMLR. org}
}



@article{richards2011machine,
  title={On machine-learned classification of variable stars with sparse and noisy time-series data},
  author={Richards, J.W. and Starr, D.L. and Butler, N.R. and Bloom, J.S. and Brewer, J.M. and Crellin-Quick, A. and Higgins, J. and Kennedy, R. and Rischard, M.},
  journal={The Astrophysical Journal},
  volume={733},
  pages={10},
  year={2011},
  publisher={IOP Publishing}
}

@article{debosscher2007automated,
	Author = {Debosscher, J. and Sarro, LM and Aerts, C. and Cuypers, J. and Vandenbussche, B. and Garrido, R. and Solano, E.},
	Journal = {Astronomy and Astrophysics},
	Number = {3},
	Pages = {1159--1183},
	Publisher = {edpsciences. org},
	Title = {Automated Supervised Classification of Variable Stars},
	Volume = {475},
	Year = {2007}}



@book{el2003robust,
  title={Robust classification with interval data},
  author={El Ghaoui, L. and Lanckriet, G.R.G. and Natsoulis, G.},
  year={2003},
  publisher={Computer Science Division, University of California}
}


@article{calafiore2006distributionally,
  title={On distributionally robust chance-constrained linear programs},
  author={Calafiore, GC and Ghaoui, L.E.},
  journal={Journal of Optimization Theory and Applications},
  volume={130},
  number={1},
  pages={1--22},
  year={2006},
  publisher={Springer}
}